@manual{OED1,
	title		    = "Happiness",
	organization	= "In Oxford English dictionary online",
	address	        = "http://www.oup.com",
	year		    = "1989"
}
