@misc{Hess18,
	title	= "A General Framework for Homotopic Descent and Codescent",
	author	= "Kathryn Hess",
	year	= "2018"
}

@misc{Mesablishvili06,
	title	= "Monads of effective descent type and comonadicity",
	author	= "B. Mesablishvili",
	year	= "2006"
}

@misc{HA,
	title	= "Higher Algebra",
	author	= "Jacob Lurie",
	year	= "20??"
}
